% This file was created with JabRef 2.7b.
% Encoding: UTF-8

@ARTICLE{,
  author = {Steve Furber and Steve Temple},
  title = {Neural systems engineering},
  journal = {Journa of the Royal Society},
  year = {2007},
  pages = {15},
  owner = {alex},
  timestamp = {2012.12.09}
}

@comment{jabref-meta: selector_publisher:}

@comment{jabref-meta: selector_author:}

@comment{jabref-meta: selector_journal:}

@comment{jabref-meta: selector_keywords:}

