@inproceedings{navaridas2009understanding,
  title={Understanding the interconnection network of SpiNNaker},
  author={Navaridas, Javier and Luj{\'a}n, Mikel and Miguel-Alonso, Jose and Plana, Luis A and Furber, Steve},
  booktitle={Proceedings of the 23rd international conference on Supercomputing},
  pages={286--295},
  year={2009},
  organization={ACM}
}
@article{sharp2012power,
  title={Power-efficient simulation of detailed cortical microcircuits on SpiNNaker},
  author={Sharp, Thomas and Galluppi, Francesco and Rast, Alexander and Furber, Steve},
  journal={Journal of Neuroscience Methods},
  year={2012},
  publisher={Elsevier}
}
@inproceedings{davies2010interfacing,
  title={Interfacing real-time spiking I/O with the SpiNNaker neuromimetic Architecture},
  author={Davies, Sergio and Patterson, Cameron and Galluppi, Francesco and Rast, Alexander D and Lester, David and Furber, Steve B},
  booktitle={Proceedings 17th International Conference, ICONIP 2010.},
  pages={7--11},
  year={2010},
  organization={Australian Journal of Intelligent Information Processing Systems, Vol. 11, No. 1,}
}
@inproceedings{sharp2011event,
  title={Event-Driven Simulation of Arbitrary Spiking Neural Networks on SpiNNaker},
  author={Sharp, Thomas and Plana, Luis A and Galluppi, Francesco and Furber, Steve},
  booktitle={Neural Information Processing},
  pages={424--430},
  year={2011},
  organization={Springer}
}
@book{gerstner2002spiking,
  title={Spiking neuron models: Single neurons, populations, plasticity},
  author={Gerstner, Wulfram and Kistler, Werner M},
  year={2002},
  publisher={Cambridge university press}
}
@book{press2007numerical,
  title={Numerical recipes 3rd edition: The art of scientific computing},
  author={Press, William H and Teukolsky, Saul A and Vetterling, William T and Flannery, Brian P},
  year={2007},
  publisher={Cambridge university press}
}
@misc{shewchuk1994introduction,
  title={An introduction to the conjugate gradient method without the agonizing pain},
  author={Shewchuk, Jonathan Richard},
  year={1994},
  publisher={Carnegie Mellon University, Pittsburgh, PA}
}
@misc{cgm2009lec,
  title={Lecture 21 Better Iterative Methods; Google and Markov Chains},
  author={L. Olson},
  year={2009},
  publisher={University of Illinois at Urbana-Champaign}
}
@article{o1987parallel,
  title={Parallel implementation of the block conjugate gradient algorithm},
  author={O'Leary, Dianne P},
  journal={Parallel Computing},
  volume={5},
  number={1},
  pages={127--139},
  year={1987},
  publisher={Elsevier}
}
@article{adams1985m,
  title={M-step preconditioned conjugate gradient methods},
  author={Adams, Loyce},
  journal={SIAM Journal on Scientific and Statistical Computing},
  volume={6},
  number={2},
  pages={452--463},
  year={1985},
  publisher={SIAM}
}
@article{adams1983m,
  title={M-step preconditioned conjugate gradient method for parallel computation},
  author={Adams, Loyce},
  year={1983},
  publisher={IEEE Computer Society Press, Silver Spring, MD}
}

@article{maheswaran1999mcgs,
  title={MCGS: a modified conjugate gradient squared algorithm for nonsymmetric linear systems},
  author={Maheswaran, Muthucumaru and Webb, Kevin J and Siegel, Howard Jay},
  journal={The Journal of Supercomputing},
  volume={14},
  number={3},
  pages={257--280},
  year={1999},
  publisher={Springer}
}
@inproceedings{yang2001improved,
  title={The improved conjugate gradient squared (ICGS) method on parallel distributed memory architectures},
  author={Yang, Laurence Tianruo and Brent, Richard P},
  booktitle={Parallel Processing Workshops, 2001. International Conference on},
  pages={161--165},
  year={2001},
  organization={IEEE}
}
@article{galiano2012gpu,
  title={GPU-based parallel algorithms for sparse nonlinear systems},
  author={Galiano, V and Migall{\'o}n, H and Migall{\'o}n, V and Penad{\'e}s, J},
  journal={Journal of Parallel and Distributed Computing},
  volume={72},
  number={9},
  pages={1098--1105},
  year={2012},
  publisher={Elsevier}
}
@incollection{wozniak2010parallel,
  title={Parallel implementation of conjugate gradient method on graphics processors},
  author={Wozniak, Marcin and Olas, Tomasz and Wyrzykowski, Roman},
  booktitle={Parallel Processing and Applied Mathematics},
  pages={125--135},
  year={2010},
  publisher={Springer}
}
@misc{hestenes1952methods,
  title={Methods of conjugate gradients for solving linear systems},
  author={Hestenes, Magnus Rudolph and Stiefel, Eduard},
  year={1952},
  publisher={NBS}
}
@article{furber2007neural,
  title={Neural systems engineering},
  author={Furber, Steve and Temple, Steve},
  journal={Journal of the Royal Society interface},
  volume={4},
  number={13},
  pages={193--206},
  year={2007},
  publisher={The Royal Society}
}
@misc{spinnweb,
 title={Official Website of the SpiNNaker project},
 author={http://apt.cs.man.ac.uk/projects/SpiNNaker/}
}
@inproceedings{khan2008spinnaker,
  title={SpiNNaker: mapping neural networks onto a massively-parallel chip multiprocessor},
  author={Khan, MM and Lester, DR and Plana, Luis A and Rast, A and Jin, X and Painkras, E and Furber, Stephen B},
  booktitle={Neural Networks, 2008. IJCNN 2008.(IEEE World Congress on Computational Intelligence). IEEE International Joint Conference on},
  pages={2849--2856},
  year={2008},
  organization={IEEE}
}
@article{furber2012overview,
  title={Overview of the spinnaker system architecture},
  author={Furber, S and Lester, D and Plana, L and Garside, J and Painkras, Eustace and Temple, Steve and Brown, A},
  year={2012},
  publisher={IEEE}
}
@incollection{bose2005spiking,
  title={A spiking neural sparse distributed memory implementation for learning and predicting temporal sequences},
  author={Bose, Joy and Furber, Steve B and Shapiro, Jonathan L},
  booktitle={Artificial Neural Networks: Biological Inspirations--ICANN 2005},
  pages={115--120},
  year={2005},
  publisher={Springer}
}
@misc{docfile,
 title={SpiNNaker...},
 author={Andrew Brown Steve Furber and a host of others...},
 year={2008}
}
@article{plana2007gals,
  title={A GALS infrastructure for a massively parallel multiprocessor},
  author={Plana, Luis A and Furber, Steve B and Temple, Steve and Khan, Mukaram and Shi, Yebin and Wu, Jian and Yang, Shufan},
  journal={Design \& Test of Computers, IEEE},
  volume={24},
  number={5},
  pages={454--463},
  year={2007},
  publisher={IEEE}
}
@misc{jefflec,
 title={Large Scale Distributed Systems Lectures. https://secure.ecs.soton.ac.uk/notes/comp3019/jsrnotes/-> Getting BIMPA Started},
 author={Jeff Reeve},
 year={2012}
 }
@article{rast2012managing,
  title={Managing burstiness and scalability in event-driven models on the SpiNNaker neuromimetic system},
  author={Rast, Alexander D and Navaridas, Javier and Jin, Xin and Galluppi, Francesco and Plana, Luis A and Miguel-Alonso, Jose and Patterson, Cameron and Luj{\'a}n, Mikel and Furber, Steve},
  journal={International Journal of Parallel Programming},
  volume={40},
  number={6},
  pages={553--582},
  year={2012},
  publisher={Springer}
}
@misc{basicinterim,
 title={Pragmatic Many Core Computing Interim Report},
 author={Furber S. Brown A.},
 year={2012}
}
@inproceedings{rosenbloom1956method,
  title={The method of steepest descent},
  author={Rosenbloom, PC},
  booktitle={Proc. of Symp. in Applied Math},
  volume={6},
  pages={127--176},
  year={1956}
}
@inproceedings{rast2012event,
  title={Event-driven MLP implementation on neuromimetic hardware},
  author={Rast, AD and Plana, LA and Welbourne, SR and Furber, SB},
  booktitle={Neural Networks (IJCNN), The 2012 International Joint Conference on},
  pages={1--8},
  year={2012},
  organization={IEEE}
}
@inproceedings{rast2011event,
  title={An event-driven model for the SpiNNaker virtual synaptic channel},
  author={Rast, Alexander and Galluppi, Francesco and Davies, Sergio and Plana, Luis A and Sharp, Thomas and Furber, Steve},
  booktitle={Neural Networks (IJCNN), The 2011 International Joint Conference on},
  pages={1967--1974},
  year={2011},
  organization={IEEE}
}
@inproceedings{davies2011maintaining,
  title={Maintaining real-time synchrony on SpiNNaker},
  author={Davies, Sergio and Rast, Alexander D and Galluppi, Francesco and Furber, Steve B},
  booktitle={Proceedings of the 8th ACM International Conference on Computing Frontiers},
  pages={15},
  year={2011},
  organization={ACM}
}
@inproceedings{jin2010algorithm,
  title={Algorithm and software for simulation of spiking neural networks on the multi-chip spinnaker system},
  author={Jin, Xin and Galluppi, Francesco and Patterson, Cameron and Rast, Alexander and Davies, Sergio and Temple, Steve and Furber, Steve},
  booktitle={Neural Networks (IJCNN), The 2010 International Joint Conference on},
  pages={1--8},
  year={2010},
  organization={IEEE}
}
@misc{git_repo,
 title={Github repository where the implementation files are kept. Link is: https://github.com/Alex-Oiko/3rd-Year-Project},
 author={Alexandros Oikonomou},
 year={2012}
 }











